<?xml version="1.0" encoding="UTF-8"?><record xmlns="http://www.loc.gov/MARC21/slim" xmlns:cinclude="http://apache.org/cocoon/include/1.0" xmlns:zs="http://www.loc.gov/zing/srw/">
  <leader>01647cz  a2200265n  4500</leader>
  <controlfield tag="001">n  84724370 </controlfield>
  <controlfield tag="003">DLC</controlfield>
  <controlfield tag="005">19900906164722.6</controlfield>
  <controlfield tag="008">850426n| acaaaaaa|          |a ana |||  </controlfield>
  <datafield tag="010" ind1=" " ind2=" ">
    <subfield code="a">n  84724370 </subfield>
  </datafield>
  <datafield tag="040" ind1=" " ind2=" ">
    <subfield code="a">DLC</subfield>
    <subfield code="c">DLC</subfield>
    <subfield code="d">DLC</subfield>
  </datafield>
  <datafield tag="130" ind1=" " ind2="0">
    <subfield code="a">Veröffentlichungen der Hochschule St. Gallen für Wirtschafts- und Sozialwissenschaften.</subfield>
    <subfield code="p">Schriftenreihe Betriebswirtschaft</subfield>
  </datafield>
  <datafield tag="410" ind1="1" ind2="0">
    <subfield code="w">nnaa</subfield>
    <subfield code="a">St. Gall, Switzerland.</subfield>
    <subfield code="b">Hochschule für Wirtschafts- und Sozialwissenschaften.</subfield>
    <subfield code="t">Veröffentlichungen der Hochschule St. Gallen für Wirtschafts- und Sozialwissenschaften :</subfield>
    <subfield code="p">Schriftenreihe Betriebswirtschaft</subfield>
  </datafield>
  <datafield tag="410" ind1="2" ind2="0">
    <subfield code="a">Hochschule St. Gallen für Wirtschafts- und Sozialwissenschaften.</subfield>
    <subfield code="t">Veröffentlichungen der Hochschule St. Gallen für Wirtschafts- und Sozialwissenschaften.</subfield>
    <subfield code="p">Schriftenreihe Betriebswirtschaft</subfield>
  </datafield>
  <datafield tag="410" ind1="2" ind2="0">
    <subfield code="a">Hochschule St. Gallen für Wirtschafts- und Sozialwissenschaften.</subfield>
    <subfield code="t">Schriftenreihe Betriebswirtschaft</subfield>
  </datafield>
  <datafield tag="430" ind1=" " ind2="0">
    <subfield code="a">Schriftenreihe Betriebswirtschaft (1973)</subfield>
  </datafield>
  <datafield tag="430" ind1=" " ind2="0">
    <subfield code="a">Betriebswirtschaft (1973)</subfield>
  </datafield>
  <datafield tag="530" ind1=" " ind2="0">
    <subfield code="w">b</subfield>
    <subfield code="a">Veröffentlichungen des Hochschule St. Gallen für Wirtschafts-, Rechts- und Sozialwissenschaften.</subfield>
    <subfield code="p">Schriftenreihe Betriebswirtschaft</subfield>
  </datafield>
  <datafield tag="642" ind1=" " ind2=" ">
    <subfield code="a">Bd. 11</subfield>
    <subfield code="5">DLC</subfield>
  </datafield>
  <datafield tag="643" ind1=" " ind2=" ">
    <subfield code="a">Bern</subfield>
    <subfield code="b">P. Haupt</subfield>
  </datafield>
  <datafield tag="644" ind1=" " ind2=" ">
    <subfield code="a">f</subfield>
    <subfield code="5">DLC</subfield>
  </datafield>
  <datafield tag="645" ind1=" " ind2=" ">
    <subfield code="a">t</subfield>
    <subfield code="5">DLC</subfield>
  </datafield>
  <datafield tag="646" ind1=" " ind2=" ">
    <subfield code="a">s</subfield>
    <subfield code="5">DLC</subfield>
  </datafield>
  <datafield tag="670" ind1=" " ind2=" ">
    <subfield code="a">Dyllick, T. Gesellschaftliche Instabilität und Unternehmungsführung, c1982:</subfield>
    <subfield code="b">ser. t.p.</subfield>
  </datafield>
  <datafield tag="675" ind1=" " ind2=" ">
    <subfield code="a">Werhahn, P.H. Menschenbild, Gesellschaftsbild und Wissenschaftsbegriff in der neueren Betriebswirtschaftslehre, c1989: ser. t.p. (Veröffentlichungen der Hochschule St. Gallen für Wirtschafts-, Rechts- und Sozialwissenschaften)</subfield>
  </datafield>
</record>